@article{Qian:1991,
author = {Qian, H and Sheetz, M P and Elson, E L},
title = {{Single particle tracking. Analysis of diffusion and flow in two-dimensional systems}},
journal = {Biophysical Journal},
year = {1991},
volume = {60},
number = {4},
pages = {910--921},
month = oct,
}

@article{Norrelykke:2011,
author = {N{\o}rrelykke, Simon F and Flyvbjerg, Henrik},
title = {{Harmonic oscillator in heat bath: Exact simulation of time-lapse-recorded data and exact analytical benchmark statistics}},
journal = {Physical Review E (Statistical, Nonlinear, and Soft Matter Physics)},
year = {2011},
volume = {83},
number = {4},
pages = {041103},
month = apr
}

@article{Michalet:2010,
author = {Michalet, X},
title = {{Mean square displacement analysis of single-particle trajectories with localization error: Brownian motion in an isotropic medium}},
journal = {Physical Review E (Statistical, Nonlinear, and Soft Matter Physics)},
year = {2010}
}

@article{Tarantino:2014,
  title={TNF and IL-1 exhibit distinct ubiquitin requirements for inducing NEMO--IKK supramolecular structures},
  author={Tarantino, Nadine and Tinevez, Jean-Yves and Crowell, Elizabeth Faris and Boisson, Bertrand and Henriques, Ricardo and Mhlanga, Musa and Agou, Fabrice and Isra{\"e}l, Alain and Laplantine, Emmanuel},
  journal={The Journal of cell biology},
  volume={204},
  number={2},
  pages={231--245},
  year={2014},
  publisher={Rockefeller Univ Press}
}

@article{Clauset:2009,
author = {Clauset, Aaron and Shalizi, Cosma Rohilla and Newman, M E J},
title = {{Power-Law Distributions in Empirical Data}},
journal = {Siam Review},
year = {2009},
volume = {51},
number = {4},
pages = {661--703},
month = nov
}


@article{Vestergaard:2014,
author = {Vestergaard, C and Blainey, P and Flyvbjerg, H},
title = {{Optimal estimation of diffusion coefficients from single-particle trajectories}},
journal = {Physical Review E (Statistical, Nonlinear, and Soft Matter Physics)},
year = {2014}
}


@article{Wang:2007,
author = {Wang, Y and Flyvbjerg, H and Cox, E and Austin, R},
title = {{When is a Distribution Not a Distribution, and Why Would You Care: Single-Molecule {\ldots}}},
journal = {LECTURE NOTES IN PHYSICS-NEW YORK THEN {\ldots}},
year = {2007}
}


@Inbook{Wang:2007book,
author="Wang, Y.M.
and Flyvbjerg, H.
and Cox, E.C.
and Austin, R.H.",
editor="Linke, Heiner
and M{\aa}nsson, Alf",
chapter="When is a Distribution Not a Distribution, and Why Would You Care: Single-Molecule Measurements of Repressor Protein 1-D Diffusion on DNA",
title="Controlled Nanoscale Motion: Nobel Symposium 131",
year="2007",
publisher="Springer Berlin Heidelberg",
address="Berlin, Heidelberg",
pages="217--240",
isbn="978-3-540-49522-2",
doi="10.1007/3-540-49522-3_11",
url="http://dx.doi.org/10.1007/3-540-49522-3_11"
}


